% Encoding: x-windows-950


@Article{Ade:2013uln,
  Title                    = {{Planck 2013 results. XXII. Constraints on inflation}},
  Author                   = {Ade, P.A.R. and others},
  Journal                  = {Astron. Astrophys.},
  Year                     = {2014},

  Collaboration            = {Planck Collaboration},
  Pages                    = {A22},
  Slaccitation             = {%%CITATION = ARXIV:1303.5082;%%},
  Volume                   = {571},

  Archiveprefix            = {arXiv},
  Doi                      = {10.1051/0004-6361/201321569},
  Eprint                   = {1303.5082},
  Owner                    = {Louis},
  Primaryclass             = {astro-ph.CO},
  Timestamp                = {2015.02.01}
}

@Comment{jabref-meta: databaseType:bibtex;}

@Comment{jabref-meta: protectedFlag:true;}

@Comment{jabref-meta: saveOrderConfig:specified;bibtexkey;false;timestamp;false;owner;false;}
